<record><leader>00000cas a22000007a 4500</leader><controlfield tag="001">15202491</controlfield><controlfield tag="008">870217d18921966inuwr ne      0    0eng d</controlfield><datafield ind1=" " ind2=" " tag="010"><subfield code="a">sn 87055410 </subfield></datafield><datafield ind1=" " ind2=" " tag="040"><subfield code="a">NPI</subfield><subfield code="b">eng</subfield><subfield code="c">NPI</subfield><subfield code="d">OCLCQ</subfield></datafield><datafield ind1=" " ind2=" " tag="042"><subfield code="a">msc</subfield></datafield><datafield ind1="0" ind2="0" tag="245"><subfield code="a">Fountain-Warren Democrat.</subfield></datafield><datafield ind1=" " ind2=" " tag="260"><subfield code="a">Attica, Ind. :</subfield><subfield code="b">Geo. M. Williams,</subfield><subfield code="c">1892-</subfield></datafield><datafield ind1=" " ind2=" " tag="310"><subfield code="a">Weekly</subfield></datafield><datafield ind1="0" ind2=" " tag="362"><subfield code="a">Sept. 15, 1892-</subfield></datafield><datafield ind1="1" ind2=" " tag="362"><subfield code="a">Ceased in Mar. 1966.</subfield></datafield><datafield ind1=" " ind2=" " tag="752"><subfield code="a">United States</subfield><subfield code="b">Indiana</subfield><subfield code="c">Fountain</subfield><subfield code="d">Attica.</subfield></datafield><datafield ind1="0" ind2="0" tag="780"><subfield code="t">Fountain and Warren Democrat</subfield><subfield code="w">(DLC)sn 87055409</subfield></datafield></record>